
@misc{ref:sorter_art_1,
	title = {Toward the next generation of recommender systems: a survey of the state-of-the-art and possible extensions},
	howpublished = {\url{https://ieeexplore.ieee.org/abstract/document/1423975}},
	author = {G. Adomavicius and A. Tuzhilin},
	year = {2005},
	month = {04}
}

@misc{ref:music_recommender,
	title = {Deep content-based music recommendation},
	howpublished = {\url{http://papers.nips.cc/paper/5004-deep-content-based-music-recommendation.pdf}},
	author = {A aron van den Oord and Sander Dieleman and Benjamin Schrauwen},
	year = {2013}
}

@misc{ref:netflix,
	title = {Deep Dive into Netflix’s Recommender System},
	howpublished = {\url{https://towardsdatascience.com/deep-dive-into-netflixs-recommender-system-341806ae3b48}},
	author = {David Chong},
	year = {2020},
	month = {04}
}

@misc{ref:refer_medical_prescriptions,
	title = {PREMIER: Personalized REcommendation for Medical prescrIptions from Electronic Records},
	howpublished = {\url{https://arxiv.org/abs/2008.13569}},
	author = {Suman Bhoi and Lee Mong Li and Wynne Hsu},
	year = {2020},
	month = {08}
}

@misc{ref:refer_classify_plaquetas,
	title = {Automation of Hemocompatibility Analysis Using Image Segmentation and a Random Forest},
	howpublished = {\url{https://arxiv.org/abs/2010.06245}},
	author = {Johanna C. Clauser and Judith Maas and Jutta Arens and Thomas Schmitz-Rode and Ulrich Steinseifer and Benjamin Berkels},
	year = {2020},
	month = {10}
}

@misc{ref:pubmed_home,
	title = {PubMed WebSite},
	howpublished = {\url{https://pubmed.ncbi.nlm.nih.gov/advanced/}}
}

@misc{ref:clinicaltrials_home,
	title = {ClinicalTrials WebSite},
	howpublished = {\url{https://clinicaltrials.gov}}
}

@misc{ref:medlineplus_home,
	title = {MedlinePlus WebSite},
	howpublished = {\url{https://medlineplus.gov}}
}

@book{ref:history_recommender,
    author    = {Venkatesan M. and Thangadurai K.},
    title     = {History and Overview of the Recommender Systems},
    year      = {2017},
    publisher = {Vishal Bhatnagar, IGI Global},
    isbn      = {9781522504894}
}

@misc{ref:refer_diabetes_control,
	title = {Model-Based Reinforcement Learning for Type 1Diabetes Blood Glucose Control},
	howpublished = {\url{https://arxiv.org/abs/2010.06266}},
	author = {Taku Yamagata and Aisling O'Kane and Amid Ayobi and Dmitri Katz and Katarzyna Stawarz and Paul Marshall and Peter Flach and Raúl Santos-Rodríguez},
	year = {2020},
	month = {10}
}
