
@misc{ref:netflix,
	Author = {David Chong},
	Date-Modified = {2020-04-30},
	howpublished = {\url{https://towardsdatascience.com/deep-dive-into-netflixs-recommender-system-341806ae3b48}},
	Year = {2020},
	Month = {04},
	Title = {Deep Dive into Netflixâ€™s Recommender System},
	Url = {https://towardsdatascience.com/deep-dive-into-netflixs-recommender-system-341806ae3b48}
}
