@misc{ref:search_internet,
	title = {Consumer health information seeking on the Internet: the state of the art},
	howpublished = {\url{https://academic.oup.com/her/article/16/6/671/571640}},
	author = {R. J. W. Cline and K. M. Haynes},
	year = {2001},
	month = {12}
}

@misc{ref:busqueda_relevante,
	title = {Los buscadores en la recuperación de información en salud},
	howpublished = {\url{https://www.medigraphic.com/cgi-bin/new/resumen.cgi?IDARTICULO=35274}},
	author = {Cañedo AR},
	year = {2011}
}

@misc{ref:hope_home,
	title = {HOPE Project WebSite},
	howpublished = {\url{http://proyectohope.centromedicodespierta.es/}}
}

@misc{ref:search_results_study,
	title = {HealthRecSys: A semantic content-based recommender system to complement health videos},
	howpublished = {\url{https://bmcmedinformdecismak.biomedcentral.com/articles/10.1186/s12911-017-0431-7}},
	author = {Carlos Luis Sanchez Bocanegra and Jose Luis Sevillano Ramos and Carlos Rizo and Anton Civit and Luis Fernandez-Luque},
	year = {2017},
	month = {05}
}

@misc{ref:pfm_karla,
	title = {HOPE Desarrollo de una metodología piloto para vinculación a Clinical Trials como herramienta de medicina basada en evidencias, para proporcionar medicina centrada en el paciente},
	howpublished = {\url{http://discovery.uoc.edu/iii/encore/record/C__Rx1033890__Orightresult__U__X2?lang=spi&suite=def}},
	author = {Chacón Vargas and Karla Azucena},
	year = {2017},
	month = {07}
}


@misc{ref:pubmed_api,
	title = {Documentación Api PubMed},
	howpublished = {\url{https://www.ncbi.nlm.nih.gov/CBBresearch/Lu/Demo/tmTools/RESTfulAPIs.html}}
}

@misc{ref:pca_def,
	title = {Definición de PCA (Analisis de Componentes Principales},
	howpublished = {\url{https://es.wikipedia.org/wiki/An%C3%A1lisis_de_componentes_principales}}
}

@misc{ref:knn_def,
	title = {Definición de K-NN (k vecinos más próximos)},
	howpublished = {\url{https://es.wikipedia.org/wiki/K_vecinos_m%C3%A1s_pr%C3%B3ximos}}
}

@misc{ref:knn_scaling,
	title = {Why is scaling required in KNN and K-Means?},
	howpublished = {\url{https://medium.com/analytics-vidhya/why-is-scaling-required-in-knn-and-k-means-8129e4d88ed7}}
}

@misc{ref:lr_def,
	title = {Definición de Regresión logística},
	howpublished = {\url{https://es.wikipedia.org/wiki/Regresi%C3%B3n_log%C3%ADstica}}
}

@misc{ref:lr_understanding,
	title = {Understanding logistic regression analysis},
	howpublished = {\url{https://hrcak.srce.hr/115732}},
	author = {Sandro Sperandei},
	year = {2014}
}

@misc{ref:rf_def,
	title = {Definición de Random forest},
	howpublished = {\url{https://es.wikipedia.org/wiki/Random_forest}}
}




@misc{ref:knn_overfiting,
	title = {Que es el sobreajuste (en inglés overfitting)},
	howpublished = {\url{https://es.wikipedia.org/wiki/Sobreajuste}}
}



@misc{ref:lr_cross_validation,
	title = {Que es la validación cruzada},
	howpublished = {\url{https://es.wikipedia.org/wiki/Validaci%C3%B3n_cruzada}}
}


@misc{ref:knn_doc,
	title = {Documentación del algoritmo KNeighborsClassifier},
	howpublished = {\url{https://scikit-learn.org/stable/modules/generated/sklearn.neighbors.KNeighborsClassifier.html}}
}

@misc{ref:knn_train_test_split,
	title = {sklearn\.model\_selection\.train\_test\_split},
	howpublished = {\url{https://scikit-learn.org/stable/modules/generated/sklearn.model_selection.train_test_split.html}}
}

@misc{ref:confusion_matrix,
	title = {Confusion Matrix },
	howpublished = {\url{http://www2.cs.uregina.ca/~dbd/cs831/notes/confusion_matrix/confusion_matrix.html}}
}

@misc{ref:sorter_art_1,
	title = {Toward the next generation of recommender systems: a survey of the state-of-the-art and possible extensions},
	howpublished = {\url{https://ieeexplore.ieee.org/abstract/document/1423975}},
	author = {G. Adomavicius and A. Tuzhilin},
	year = {2005},
	month = {04}
}

@misc{ref:traditional_purchase_internet_purchase,
	title = {Is the Internet More Effective Than Traditional Media? Factors Affecting the Choice of Media},
	howpublished = {\url{http://www.journalofadvertisingresearch.com/content/41/6/53}},
	author = {Sung-Joon Yoon and Joo-Ho Kim},
	year = {2001},
	month = {11}
}

@misc{ref:internet_comparatives,
	title = {IMPLICACIONES DEL USO DE BUSCADORES EN EL COMPORTAMIENTO DE COMPRA ONLINE},
	howpublished = {\url{https://www.sciencedirect.com/science/article/pii/S1135252312601014}},
	author = {C.Ruiz MaféS and Sanz Blas},
	year = {2009},
	month = {02}
}

@misc{ref:music_recommender,
	title = {Deep content-based music recommendation},
	howpublished = {\url{http://papers.nips.cc/paper/5004-deep-content-based-music-recommendation.pdf}},
	author = {A aron van den Oord and Sander Dieleman and Benjamin Schrauwen},
	year = {2013}
}

@misc{ref:netflix,
	title = {Deep Dive into Netflix’s Recommender System},
	howpublished = {\url{https://towardsdatascience.com/deep-dive-into-netflixs-recommender-system-341806ae3b48}},
	author = {David Chong},
	year = {2020},
	month = {04}
}

@misc{ref:refer_medical_prescriptions,
	title = {PREMIER: Personalized REcommendation for Medical prescrIptions from Electronic Records},
	howpublished = {\url{https://arxiv.org/abs/2008.13569}},
	author = {Suman Bhoi and Lee Mong Li and Wynne Hsu},
	year = {2020},
	month = {08}
}

@misc{ref:refer_classify_plaquetas,
	title = {Automation of Hemocompatibility Analysis Using Image Segmentation and a Random Forest},
	howpublished = {\url{https://arxiv.org/abs/2010.06245}},
	author = {Johanna C. Clauser and Judith Maas and Jutta Arens and Thomas Schmitz-Rode and Ulrich Steinseifer and Benjamin Berkels},
	year = {2020},
	month = {10}
}

@misc{ref:pubmed_home,
	title = {PubMed WebSite},
	howpublished = {\url{https://pubmed.ncbi.nlm.nih.gov/advanced/}}
}

@misc{ref:clinicaltrials_home,
	title = {ClinicalTrials WebSite},
	howpublished = {\url{https://clinicaltrials.gov}}
}

@misc{ref:medlineplus_home,
	title = {MedlinePlus WebSite},
	howpublished = {\url{https://medlineplus.gov}}
}

@book{ref:history_recommender,
    author    = {Venkatesan M. and Thangadurai K.},
    title     = {History and Overview of the Recommender Systems},
    year      = {2017},
    publisher = {Vishal Bhatnagar, IGI Global},
    isbn      = {9781522504894}
}

@misc{ref:refer_diabetes_control,
	title = {Model-Based Reinforcement Learning for Type 1Diabetes Blood Glucose Control},
	howpublished = {\url{https://arxiv.org/abs/2010.06266}},
	author = {Taku Yamagata and Aisling O'Kane and Amid Ayobi and Dmitri Katz and Katarzyna Stawarz and Paul Marshall and Peter Flach and Raúl Santos-Rodríguez},
	year = {2020},
	month = {10}
}
